<?xml version="1.0" encoding="UTF-8"?><collection xmlns="http://www.loc.gov/MARC21/slim"><record><leader>00509nam--2200193-i-4500</leader><controlfield tag="001">000014161</controlfield><controlfield tag="002">20161230</controlfield><controlfield tag="005">20161230201030</controlfield><controlfield tag="008">060222s1000------------r-----000-0-eng-d</controlfield><datafield ind1=" " ind2=" " tag="020"><subfield code="a">0444861211</subfield></datafield><datafield ind1=" " ind2=" " tag="040"><subfield code="a">IFIN-HH</subfield></datafield><datafield ind1=" " ind2=" " tag="080"><subfield code="a">535.42.43(075.8)</subfield></datafield><datafield ind1="1" ind2=" " tag="100"><subfield code="a">Cowley, John M</subfield></datafield><datafield ind1="1" ind2="0" tag="245"><subfield code="a">Diffraction physics</subfield><subfield code="c">John m. cowley</subfield></datafield><datafield ind1=" " ind2=" " tag="250"><subfield code="a">Second, Revised Edition</subfield></datafield><datafield ind1=" " ind2=" " tag="260"><subfield code="a">OXFORD</subfield><subfield code="b">North-hilland Publishing Company</subfield><subfield code="c">1981</subfield></datafield><datafield ind1=" " ind2=" " tag="300"><subfield code="a">XIV+430P</subfield></datafield><datafield ind1=" " ind2=" " tag="852"><subfield code="a">70192</subfield><subfield code="c">535</subfield></datafield><datafield ind1=" " ind2=" " tag="CAT"><subfield code="a">Sys</subfield><subfield code="c">20101124</subfield><subfield code="h">133718</subfield></datafield></record></collection>